@misc{stock_2020_global,
  author = {Stock, Kyle},
  month = {08},
  publisher = {Bloomberg Green},
  title = {Global Electric Vehicle Cords Top 1 Million},
  url = {https://www.bloomberg.com/news/articles/2020-08-05/global-ev-charging-points-hit-1-million-threshold},
  year = {2020},
  organization = {www.bloomberg.com}
}

@misc{eurelectric_2014_flexibility,
  author = {EURELECTRIC},
  month = {01},
  pages = {5},
  publisher = {Euelectric},
  title = {Flexibility and Aggregation Requirements for their interaction in the market A EURELECTRIC paper},
  url = {http://www.eurelectric.org/media/1845/tf_bal-agr_report_final_je_as-2014-030-0026-01-e.pdf},
  urldate = {2020-11-11},
  year = {2014},
  organization = {eulectric }
}

@misc{nextkraftwerke_2019_,
  author = {Next-Kraftwerke},
  month = {05},
  publisher = {next},
  title = { Virtual Power Plant (VPP) as a Service Solution},
  url = {https://www.next-kraftwerke.com/products/vpp-solution},
  urldate = {2020-11-11},
  year = {2019},
  organization = {www.next-kraftwerke.com}
}

@misc{nextkraftwerke_2017_how,
  author = {Next-Kraftwerke},
  month = {01},
  publisher = {next},
  title = {How Virtual Power Plants Work},
  url = {https://www.next-kraftwerke.com/vpp/virtual-power-plant},
  year = {2017},
  organization = {www.next-kraftwerke.com}
}

@misc{najafi_2017_what,
  author = { Najafi, Farid},
  month = {09},
  publisher = {Solar World},
  title = {What is a virtual power plant?},
  url = {https://www.solarpowerworldonline.com/2017/09/virtual-power-plant/},
  year = {2017},
  organization = {Solar Power World}
}

@misc{riaz_2019_on,
  author = {Riaz, Shariq and Mancarella, Pierluigi},
  month = {06},
  title = {On feasibility and flexibility operating regions of virtual power plants and TSO/DSO interfaces},
  year = {2019}
}

@misc{integratingthesmartgridsaustria_2017_technical,
  author = {Integrating The Smartgrids Austria},
  month = {09},
  title = {Technical Framework Virtual Power Plant Vol. 1},
  url = {https://mahara-mr.technikum-wien.at/artefact/file/download.php?file=2518&view=430},
  urldate = {2020-11-15},
  year = {2017},
  organization = {also available online at :}
}

@article{huang_2012_state,
  author = {Huang, Yih-Fang and Werner, Stefan and Huang, Jing and Kashyap, Neelabh and Gupta, Vijay},
  month = {09},
  pages = {33-43},
  title = {State Estimation in Electric Power Grids: Meeting New Challenges Presented by the Requirements of the Future Grid},
  doi = {10.1109/msp.2012.2187037},
  urldate = {2020-11-16},
  volume = {29},
  year = {2012},
  journal = {IEEE Signal Processing Magazine}
}

@article{mayorgagonzalez_2018_determination,
  author = {Mayorga Gonzalez, D. and Hachenberger, J. and Hinker, J. and Rewald, F. and Hager, U. and Rehtanz, C. and Myrzik, J.},
  month = {06},
  title = {Determination of the Time-Dependent Flexibility of Active Distribution Networks to Control Their TSO-DSO Interconnection Power Flow},
  doi = {10.23919/pscc.2018.8442865},
  url = {https://www.researchgate.net/publication/325824704_Determination_of_the_Time-Dependent_Flexibility_of_Active_Distribution_Networks_to_Control_Their_TSO-DSO_Interconnection_Power_Flow},
  urldate = {2020-11-16},
  year = {2018},
  journal = {2018 Power Systems Computation Conference (PSCC)}
}

@article{riesz_2015_frequency,
  author = {Riesz, Jenny and Gilmore, Joel and MacGill, Iain},
  month = {04},
  pages = {86-99},
  title = {Frequency Control Ancillary Service Market Design: Insights from the Australian National Electricity Market},
  doi = {10.1016/j.tej.2015.03.006},
  url = {https://www.sciencedirect.com/science/article/pii/S1040619015000494},
  volume = {28},
  year = {2015},
  journal = {The Electricity Journal}
}

@article{saboori_2011_virtual,
  author = {Saboori, H. and Mohammadi, M. and Taghe, R.},
  month = {03},
  title = {Virtual Power Plant (VPP), Definition, Concept, Components and Types},
  doi = {10.1109/appeec.2011.5749026},
  urldate = {2020-11-16},
  year = {2011},
  journal = {2011 Asia-Pacific Power and Energy Engineering Conference}
}

@misc{eesienvironmentalandenergystudyinstitute_distributed,
  author = {EESI (ENVIRONMENTAL AND ENERGY STUDY INSTITUTE)},
  title = {Distributed Generation | EESI},
  url = {https://www.eesi.org/topics/distributed-generation/description#:~:text=Distributed%20generation%20(also%20called%20on},
  urldate = {2020-11-16},
  organization = {www.eesi.org}
}

@misc{nextkraftwerke_2017_vpp,
  author = {next-kraftwerke},
  month = {01},
  title = {VPP explained: What is a Virtual Power Plant?},
  url = {https://www.next-kraftwerke.com/vpp/virtual-power-plant},
  year = {2017},
  organization = {www.next-kraftwerke.com}
}

@article{jafari_2020_power,
  author = {Jafari, Mehdi and Korpas, Magnus and Botterud, Audun},
  month = {05},
  title = {Power system decarbonization: Impacts of energy storage duration and interannual renewables variability},
  doi = {10.1016/j.renene.2020.04.144},
  urldate = {2020-05-10},
  year = {2020},
  journal = {Renewable Energy}
}

@book{rashid_2016_electric,
  author = {Rashid, Muhammad H},
  publisher = {Academic Press, An Imprint Of Elsevier},
  title = {Electric renewable energy systems},
  year = {2016}
}

@book{gharehpetian_2017_distributed,
  author = {Gharehpetian, G B and Mousavi, Mohammad},
  publisher = {Butterworth-Heinemann, An Imprint Of Elsevier},
  title = {Distributed generation systems : design, operation and grid integration},
  year = {2017}
}

@misc{nextkraftwerke_virtual,
  author = {Next Kraftwerke},
  title = {Virtual Power Plant | Power Trader | Aggregator},
  url = {https://www.next-kraftwerke.com/},
  urldate = {2020-11-16},
  organization = {www.next-kraftwerke.com}
}

@misc{theguardian_2016_adelaide,
  author = {The Guardian},
  month = {08},
  title = {Adelaide charges ahead with world’s largest 'virtual power plant'},
  url = {https://www.theguardian.com/environment/2016/aug/05/adelaide-charges-ahead-with-worlds-largest-virtual-power-plant},
  urldate = {2020-11-16},
  year = {2016},
  organization = {the Guardian}
}

@misc{centrica_stackpath,
  author = {Centrica},
  publisher = {Centrica},
  title = {StackPath},
  url = {https://www.centrica.com/media-centre/news/2019/a-virtual-power-plant-for-every-home/},
  urldate = {2020-11-17},
  organization = {www.centrica.com}
}

@misc{actionrenewablescouk_2020_virtual,
  author = {actionrenewables.co.uk, Action Renewables},
  month = {03},
  title = {Virtual Power Plants: What are they and what are their advantages for renewable technology?},
  url = {https://actionrenewables.co.uk/news-events/post.php?s=virtual-power-plants-what-are-they-and-what-are-their-advantages-for-renewable-technology},
  urldate = {2020-11-17},
  year = {2020},
  organization = {Action Renewables}
}

@misc{energysystems_scada,
  author = {Energy systems},
  title = {SCADA},
  url = {http://energysystems.am/automation/scada/},
  urldate = {2020-11-18},
  organization = {Energy Systems}
}

@misc{vilcahuamn_2020_interactive,
  author = {Vilcahuamán, Raúl and Abc, Sajju and Rudnick, Hugh},
  month = {11},
  title = {Interactive intuitive graphical simulation package for the analysis of electric distribution systems},
  year = {2020}
}

@misc{power_2020_the,
  author = {POWER},
  month = {08},
  title = {The Role of Virtual Power Plants in a Decentralized Power Grid},
  url = {https://www.powermag.com/the-role-of-virtual-power-plants-in-a-decentralized-power-grid/},
  urldate = {2020-11-18},
  year = {2020},
  organization = {POWER Magazine}
}

@article{potencianomenci_2020_a,
  author = {Potenciano Menci, Sergio and Le Baut, Julien and Matanza Domingo, Javier and López López, Gregorio and Cossent Arín, Rafael and Pio Silva, Manuel},
  month = {07},
  pages = {3818},
  title = {A Novel Methodology for the Scalability Analysis of ICT Systems for Smart Grids Based on SGAM: The InteGrid Project Approach},
  doi = {10.3390/en13153818},
  urldate = {2020-11-18},
  volume = {13},
  year = {2020},
  journal = {Energies}
}

@article{gottschalk_2018_from,
  author = {Gottschalk, Marion and Franzl, Gerald and Frohner, Matthias and Pasteka, Richard and Uslar, Mathias},
  month = {12},
  pages = {3375},
  title = {From Integration Profiles to Interoperability Testing for Smart Energy Systems at Connectathon Energy},
  doi = {10.3390/en11123375},
  urldate = {2020-11-18},
  volume = {11},
  year = {2018},
  journal = {Energies}
}

@misc{systems_use,
  author = {Systems, Integrating the Energy},
  title = {Use Cases - Mahara},
  url = {https://mahara-mr.technikum-wien.at/group/integrating-the-energy-systems/usecases},
  organization = {mahara-mr.technikum-wien.at}
}

@article{arteconi_2018_assessing,
  author = {Arteconi, Alessia and Polonara, Fabio},
  month = {07},
  pages = {1846},
  title = {Assessing the Demand Side Management Potential and the Energy Flexibility of Heat Pumps in Buildings},
  doi = {10.3390/en11071846},
  urldate = {2020-11-23},
  volume = {11},
  year = {2018},
  journal = {Energies}
}